@online{3_exchange,
    author = {Chris Christensen},
    title = {DH key exchange},
    url = {https://www.nku.edu/~christensen/092mat483%20DH%20key%20exchange.pdf}
}

@online{course_slides,
    author = {Antonis Michalas,},
    title = {Basic Authentication Techniques},
    url = {https://www.amichalas.com/wp-content/uploads/2020/10/Lec_5_2_Authentication-1.pdf},
    year = {2020}
}