@online{vexillological,
    title = {Vexillological symbol},
    url = {https://en.wikipedia.org/wiki/Vexillological_symbol},
    urldate = {2022-10-05}
}